@Misc{CHINOSAUR:venue,
  author =       {@\_CHINOSAUR},
  key =          {_CHINOSAUR},
  howpublished = {Tweet},
  title =        {"VENUE IS TOO COLD" \#BINGO \#CHI2014},
  month =        {May},
  day =          1,
  year =         2014,
  note =         {Retrieved Febuary 2, 2015 from
                  \url{https://twitter.com/_CHINOSAUR/status/461864317415989248}},
  annote =       {Tweet}
}

@misc{supermetroid:snes,
	Address = {Kyoto, Japan},
	Author = {{Nintendo R\&D1} and {Intelligent Systems}},
	Day = {18},
	Howpublished = {Game [SNES]},
	Month = {April},
	Note = {Nintendo, Kyoto, Japan. Played August 2011.},
	Publisher = {Nintendo},
	Title = {\emph{Super Metroid}},
	Year = {1994}
}

@inproceedings{Klemmer:2002:WSC:503376.503378,
  author =       {Klemmer, Scott R. and Thomsen, Michael and
                  Phelps-Goodman, Ethan and Lee, Robert and Landay,
                  James A.},
  title =        {Where Do Web Sites Come from?: Capturing and
                  Interacting with Design History},
  booktitle =    {Proceedings of the SIGCHI Conference on Human
                  Factors in Computing Systems},
  series =       {CHI '02},
  year =         2002,
  isbn =         {1-58113-453-3},
  location =     {Minneapolis, Minnesota, USA},
  pages =        {1--8},
  url =          {http://doi.acm.org/10.1145/503376.503378},
  doi =          {10.1145/503376.503378},
  acmid =        503378,
  publisher =    {ACM},
  address =      {New York, NY, USA},
  keywords =     {CSCW, activity capture, design rationale, history
                  management, informal interfaces, sketching, tangible
                  UI, web design},
}

@inproceedings{Mather:2000:MUT,
  title =        {Making up titles for conference papers},
  author =       {Mather, B. D.},
  booktitle =    {Ext. Abstracts CHI 2000},
  year =         2000,
  publisher =    "ACM Press",
  pages =        "1-2",
}

@book{Schwartz:1995:GBF,
  title =        {Guidelines for Bias-Free Writing},
  author =       {Marilyn Schwartz},
  address =      {Bloomington, IN, USA},
  year =         1995,
  publisher =    {ERIC}
}

@inproceedings{Zellweger:2001:FAO:504216.504224,
  author =       {Zellweger, Polle T. and Bouvin, Niels Olof and
                  Jeh{\o}j, Henning and Mackinlay, Jock D.},
  title =        {Fluid annotations in an open world},
  booktitle =    {Proc. Hypertext 2001},
  year =         2001,
  pages =        {9--18},
  publisher =    {ACM Press},
}

@misc{acm_categories,
  key =          "ACM",
  author =       {ACM},
  title =        {How to Classify Works Using ACM's Computing
                  Classification System},
  year =         1998,
  note =         {\url{http://www.acm.org/class/how_to_use.html}},
}

@Misc{cavender:writing,
  author =       {Anna Cavender and Shari Trewin and Vicki Hanson},
  title =        {Accessible Writing Guide},
  year =         2014,
  day =          22,
  note =
                  {\url{http://www.sigaccess.org/welcome-to-sigaccess/resources/accessible-writing-guide/}},
  annote =       {URL}
}

@article{ethics,
  title =        {{Social Impacts of Computing: Codes of Professional
                  Ethics}},
  author =       {R. E. Anderson},
  doi =          "10.1177/089443939201000402",
  journal =      "Social Science Computer Review December",
  year =         1992,
  volume =       10,
  number =       4,
  pages =        "453-469"
}

@Misc{heilig:sensorama,
  author =       {Morton L. Heilig},
  title =        {Sensorama Simulator},
  howpublished = {U.S. Patent 3,050,870},
  month =        {August},
  day =          28,
  year =         1962,
  note =         {Filed Februrary 22, 1962.},
  annote =       {is this right?}
},

@article{kaye:puc,
  year =         2014,
  issn =         {1617-4909},
  journal =      {Personal and Ubiquitous Computing},
  volume =       18,
  number =       4,
  doi =          {10.1007/s00779-014-0773-4},
  title =        {Special issue on science fiction and ubiquitous
                  computing},
  url =          {http://dx.doi.org/10.1007/s00779-014-0773-4},
  publisher =    {Springer London},
  author =       {Kaye, Jofish and Dourish, Paul},
  pages =        {765-766},
  language =     {English}
}

@Misc{psy:gangnam,
  author =       {Psy},
  title =        {Gangnam Style},
  howpublished = {Video},
  month =        {July},
  day =          15,
  year =         2012,
  note =         {Retrieved August 22, 2014 from
                  \url{https://www.youtube.com/watch?v=9bZkp7q19f0}},
  annote =       {Video URL}
}

@PhdThesis{sutherland:sketchpad,
  author =       {Ivan E. Sutherland},
  title =        {Sketchpad, a Man-Machine Graphical Communication
                  System},
  school =       {Massachusetts Institute of Technology},
  year =         1963,
  address =      {Cambridge, MA},
}

@InBook{winner:politics,
  author =       {Langdon Winner},
  title =        {The Social Shaping of Technology},
  chapter =      {Do artifacts have politics?},
  publisher =    {Open University Press},
  year =         1999,
  address =      {UK},
  edition =      {2nd},
  pages =        {28--40},
}

@article{tversky:1973,
	title={Availability: A heuristic for judging frequency and probability},
	author={Amos Tversky and Daniel Kahneman},
	journal={Cognitive psychology},
	volume={5},
	number={2},
	pages={207--232},
	year={1973},
	publisher={Elsevier}
}

@inproceedings{dell:2012,
	title={Yours is better!: participant response bias in HCI},
	author={Dell, Nicola and Vaidyanathan, Vidya and Medhi, Indrani and Cutrell, Edward and Thies, William},
	booktitle={Proceedings of the SIGCHI Conference on Human Factors in Computing Systems},
	pages={1321--1330},
	year={2012},
	organization={ACM}
}

@article{likert:1932,
	title={A technique for the measurement of attitudes.},
	author={Likert, Rensis},
	journal={Archives of psychology},
	year={1932}
}

@article{tat:2002,
	title={Reinventing local governments and the e-government initiative},
	author={Tat-Kei Ho, Alfred},
	journal={Public administration review},
	volume={62},
	number={4},
	pages={434--444},
	year={2002},
	publisher={Wiley Online Library}
}

@article{carter:2005,
	title={The utilization of e-government services: citizen trust, innovation and acceptance factors},
	author={Carter, Lemuria and B{\'e}langer, France},
	journal={Information systems journal},
	volume={15},
	number={1},
	pages={5--25},
	year={2005},
	publisher={Wiley Online Library}
}

@article{layne:2001,
	title={Developing fully functional E-government: A four stage model},
	author={Layne, Karen and Lee, Jungwoo},
	journal={Government information quarterly},
	volume={18},
	number={2},
	pages={122--136},
	year={2001},
	publisher={Elsevier}
}

@Misc{CHINOSAUR:venue,
	author =       {@\_CHINOSAUR},
	key =          {_CHINOSAUR},
	howpublished = {Tweet},
	title =        {"VENUE IS TOO COLD" \#BINGO \#CHI2014},
	month =        {May},
	day =          1,
	year =         2014,
	note =         {Retrieved Febuary 2, 2015 from
	\url{https://twitter.com/_CHINOSAUR/status/461864317415989248}},
	annote =       {Tweet}
}
@Misc{colab:2016,
	author = {Colab},
	day = {5 de },
	month = {julho de},
	year = {2016},
	note = {\\\url{http://www.colab.re}}
}

@Misc{cidadera:2016,
	author = {Cidadera},
	day = {5 de },
	month = {julho de},
	year = {2016},
	note = {\\\url{http://cidadera.com}}
}

@Misc{urbotip:2016,
	author = {Urbotip},
	day = {5 de },
	month = {julho de},
	year = {2016},
	note = {\\\url{http://www.urbotip.com}}
}

@Misc{cordova:2016,
	author = {Apache Cordova},
	day = {4 de },
	month = {julho de},
	year = {2016},
	note = {\\\url{http://cordova.apache.org}}
}

@Misc{googlemaps:2016,
	author={Google Maps},
	day = {4 de },
	month= {julho de},
	year = {2016},
	note = {\\\url{https://developers.google.com/maps}}
}

@inproceedings{zambonelli:2011,
	title={Pervasive urban crowdsourcing: Visions and challenges},
	author={Zambonelli, Franco},
	booktitle={Pervasive Computing and Communications Workshops (PERCOM Workshops), 2011 IEEE International Conference on},
	pages={578--583},
	year={2011},
	organization={IEEE}
}

@article{irvin:2004,
	title={Citizen participation in decision making: is it worth the effort?},
	author={Irvin, Renee A and Stansbury, John},
	journal={Public administration review},
	volume={64},
	number={1},
	pages={55--65},
	year={2004},
	publisher={Wiley Online Library}
}

@article{schuurman:2012,
	title={Smart ideas for smart cities: investigating crowdsourcing for generating and selecting ideas for ICT innovation in a city context},
	author={Schuurman, Dimitri and Baccarne, Bastiaan and De Marez, Lieven and Mechant, Peter},
	journal={Journal of theoretical and applied electronic commerce research},
	volume={7},
	number={3},
	pages={49--62},
	year={2012},
	publisher={SciELO Chile}
}

@Misc{colab_recife:2016,
	author={Prefeitura de Recife},
	title={Prefeitura de Recife adere à plataforma Colab.re},
	day={21 de},
	month={março de},
	year= {2016},
	note={\\\url{http://www2.recife.pe.gov.br/noticias/21/03/2016/prefeitura-do-recife-adere-plataforma-colabre}. Acessado em 06/07/2016}
}

@article{brabham:2008,
	title={Crowdsourcing as a model for problem solving an introduction and cases},
	author={Brabham, Daren C},
	journal={Convergence: the international journal of research into new media technologies},
	volume={14},
	number={1},
	pages={75--90},
	year={2008},
	publisher={Sage publications}
}

@book{surowiecki:2005,
	title={The wisdom of crowds},
	author={Surowiecki, James},
	year={2005},
	publisher={Anchor}
}

@article{slater:2007,
	title={Reinforcing spirals: The mutual influence of media selectivity and media effects and their impact on individual behavior and social identity},
	author={Slater, Michael D},
	journal={Communication Theory},
	volume={17},
	number={3},
	pages={281--303},
	year={2007},
	publisher={Wiley Online Library}
}

@article{tversky:1986,
	title={Rational choice and the framing of decisions},
	author={Tversky, Amos and Kahneman, Daniel},
	journal={Journal of business},
	pages={S251--S278},
	year={1986},
	publisher={JSTOR}
}

@article{thoits:2001,
	title={Volunteer work and well-being},
	author={Thoits, Peggy A and Hewitt, Lyndi N},
	journal={Journal of health and social behavior},
	pages={115--131},
	year={2001},
	publisher={JSTOR}
}

@inproceedings{hamari:2014,
	title={Does gamification work?--a literature review of empirical studies on gamification},
	author={Hamari, Juho and Koivisto, Jonna and Sarsa, Harri},
	booktitle={2014 47th Hawaii International Conference on System Sciences},
	pages={3025--3034},
	year={2014},
	organization={IEEE}
}

@inproceedings{deterding:2011,
	title={From game design elements to gamefulness: defining gamification},
	author={Deterding, Sebastian and Dixon, Dan and Khaled, Rilla and Nacke, Lennart},
	booktitle={Proceedings of the 15th international academic MindTrek conference: Envisioning future media environments},
	pages={9--15},
	year={2011},
	organization={ACM}
}

@inproceedings{nam:2011,
	title={Conceptualizing smart city with dimensions of technology, people, and institutions},
	author={Nam, Taewoo and Pardo, Theresa A},
	booktitle={Proceedings of the 12th Annual International Digital Government Research Conference: Digital Government Innovation in Challenging Times},
	pages={282--291},
	year={2011},
	organization={ACM}
}

@article{brabham:2009,
	title={Crowdsourcing the public participation process for planning projects},
	author={Brabham, Daren C},
	journal={Planning Theory},
	volume={8},
	number={3},
	pages={242--262},
	year={2009},
	publisher={Sage Publications}
}